<?xml version="1.0" encoding="UTF-8"?><collection xmlns="http://www.loc.gov/MARC21/slim"><record><leader>00397nam--2200145-i-4500</leader><controlfield tag="001">000013287</controlfield><controlfield tag="002">20161230</controlfield><controlfield tag="005">20161230201030</controlfield><controlfield tag="008">060222s1000------------r-----000-0-eng-d</controlfield><datafield ind1=" " ind2=" " tag="080"><subfield code="a">621.38</subfield></datafield><datafield ind1=" " ind2=" " tag="245"><subfield code="a">Optoelectronics theory and practice</subfield></datafield><datafield ind1=" " ind2=" " tag="260"><subfield code="a">New York,Mcgrow-hill Book Company,1978. Xvii + 442p</subfield></datafield><datafield ind1=" " ind2=" " tag="490"><subfield code="a">Texas Instruments Electronics Series</subfield></datafield><datafield ind1=" " ind2=" " tag="700"><subfield code="a">Chappell,Alan</subfield></datafield><datafield ind1=" " ind2=" " tag="852"><subfield code="a">48248</subfield></datafield></record></collection>